
@misc{opintomoniste,
	title = {Fysiikan ty√∂t -opintomoniste, jousivakio}
}