@misc{jest,
	author = {Jest},
	title = {},
    year = {},
    howpublished = {[internet] \url{https://jestjs.io/}},
    note = {[17.11.2020]}
}

@misc{travis,
	author = {Travis},
	title = {},
    year = {},
    howpublished = {[internet] \url{https://travis-ci.org/}},
    note = {[17.11.2020]}
}

@misc{coveralls,
	author = {Coveralls},
	title = {},
    year = {},
    howpublished = {[internet] \url{https://coveralls.io/}},
    note = {[17.11.2020]}
}

@misc{github,
	author = {Github},
	title = {},
    year = {},
    howpublished = {[internet] \url{https://github.com/Kujanenj/SoftwareTesting}},
    note = {}
}
