@online{Jest,
	url={https://jestjs.io/}
}
@online{JestTutorial,
url={https://www.valentinog.com/blog/jest/}
}

@online{Travis,
url={https://travis-ci.org/}
}

@online{TravisTutorial,
url={https://docs.travis-ci.com/user/tutorial/}
}

@online{coveralls,
url={https://coveralls.io/}
}

@online{coverallsTutorial,
url={https://github.com/dwyl/learn-coveralls.io}
}